@misc{bradshaw2024chip,
      title={Chip games and multipartite graph paintability}, 
      author={Peter Bradshaw and Tianyue Cao and Atlas Chen and Braden Dean and Siyu Gan and Ramon I. Garcia and Amit Krishnaiyer and Grace McCourt and Arvind Murty},
      year={2024},
      eprint={2411.19462},
      archivePrefix={arXiv},
      primaryClass={math.CO}
}

@inproceedings{cao2020rl,
    author  = {Cao, Tianyue},
    title   = {Study of Sample Efficiency Improvements for Reinforcement Learning Algorithms},
    booktitle = {2020 IEEE Integrated STEM Education Conference (ISEC)},
    year    = {2020},
    doi     = {10.1109/ISEC49744.2020.9397834}
}
